%%%%%%%%%%%%%%%%%%%%%%%%%%%%%%%%
%
% LITERATURVERZEICHNIS
%
%%%%%%%%%%%%%%%%%%%%%%%%%%%%%%%%




@misc{OFFLFIRST:WWW,
  author =	 {{Alex@hood.ie}},
  title =	 {SAY HELLO TO OFFLINE FIRST},
  lastchecked = {27.04.2015},
	url ={http://hood.ie/blog/say-hello-to-offline-first.html},
  year = 2013
}

@misc{GIS:WIKIDEF,
  author =	 {{wikipedia-en}},
  title =	 {Geographic information system},
  lastchecked = {30.03.2015},
	url ={http://en.wikipedia.org/wiki/Geographic_information_system}
}

@misc{4SQ:WIKIDEF,
  author =	 {{wikipedia-de}},
  title =	 {Foursquare},
  lastchecked = {30.03.2015},
	url ={http://de.wikipedia.org/wiki/Foursquare}
}

@misc{RECSYS:WIKIDEF,
  author =	 {{wikipedia-de}},
  title =	 {Empfehlungsdienst},
  lastchecked = {24.04.2015},
	url ={http://de.wikipedia.org/wiki/Empfehlungsdienst}
}

% Adaptive Hypermedia and Adaptive Web-Based Systems
@InProceedings{COMPASS:AH,
  author = {{Mark van Setten, Stanislav Pokraev, and Johan Koolwaaij}},
  title = {Context-Aware Recommendations in the Mobile Tourist Application COMPASS},
  year = 2004
}

@misc{UNIGE:KOA,
  author =	 {{unige,edutechwiki}},
  title =	 {Awareness},
  lastchecked = {30.03.2015},
	url ={http://edutechwiki.unige.ch/en/Awareness#Kinds_of_awareness}
}

@Proceedings{ZHENG:LBSNTUT,
  author = {{Yu Zheng}},
  title = {Tutorial on Location-Based Social Networks},
  publisher = {Microsoft Research Asia},
  year = 2012
}

@misc{RACK:INTRO,
  author =	 {{Christian Neukirchen}},
  title =	 {Introducing Rack},
  lastchecked = {30.03.2015},
	url ={http://chneukirchen.org/blog/archive/2007/02/introducing-rack.html},
  year = 2013
}

@misc{ROR:GETSTA,
  author =	 {{rubyonrails-org}},
  title =	 {rubyonrails.org},
  lastchecked = {30.03.2015},
	url ={http://guides.rubyonrails.org/getting_started.html}
}

@book{SCLU:PFCMI,
  author = {{Schümmer, T., Lukosch, S.}},
  title = {Patterns for Computer-Mediated Interaction},
  publisher = {John Wiley \& Sons Ltd},
  year = 2007
}

@book{LUETAL:CSULPI,
  author = {{Ludford, P., Priedhorsky, R., Reily, K., and Terveen, L.}},
  title = {Capturing, Sharing, and Using Local Place Information},
  publisher = {ACM Press},
  year = 2007
}

@book{JONGRAN:P3SYS,
  author = {{Jones, Q. and Grandhi, S.A.}},
  title = {P3 Systems: Putting the Place Back into Social Networks},
  publisher = {IEEE Internet},
  year = 2005
}

@article{LINETAL:4SQ,
  author = {Lindqvist, J. et.al},
  title = {I’m the Mayor of My House: Examining Why People Use foursquare - a Social-Driven Location Sharing Application},
  year = 2011
}

@misc{SPI:MF,
  author =	 {{Jose Maria Arranz Santamaria}},
  title =	 {SPI Manifesto},
  lastchecked = {30.03.2015},
	url ={http://itsnat.sourceforge.net/php/spim/spi_manifesto_en.php}
}
